<record><leader>00000cas a22000007a 4500</leader><controlfield tag="001">22897830</controlfield><controlfield tag="008">901226c19469999maudn ne      0    0eng d</controlfield><datafield ind1=" " ind2=" " tag="010"><subfield code="a">sn 89063415 </subfield></datafield><datafield ind1=" " ind2=" " tag="040"><subfield code="a">MGN</subfield><subfield code="b">eng</subfield><subfield code="c">MGN</subfield><subfield code="d">OCLCQ</subfield></datafield><datafield ind1=" " ind2=" " tag="042"><subfield code="a">msc</subfield></datafield><datafield ind1="0" ind2=" " tag="130"><subfield code="a">News-tribune (Waltham, Mass. : Newton ed.)</subfield></datafield><datafield ind1="1" ind2="4" tag="245"><subfield code="a">The news-tribune.</subfield></datafield><datafield ind1=" " ind2=" " tag="250"><subfield code="a">Newton ed.</subfield></datafield><datafield ind1=" " ind2=" " tag="260"><subfield code="a">Waltham, Mass. :</subfield><subfield code="b">Waltham Pub. Co.</subfield></datafield><datafield ind1=" " ind2=" " tag="300"><subfield code="a">v.</subfield></datafield><datafield ind1=" " ind2=" " tag="310"><subfield code="a">Daily (except Sat. and Sun.),</subfield><subfield code="b">May 11, 1981-</subfield></datafield><datafield ind1=" " ind2=" " tag="321"><subfield code="a">Daily (except Sun. and holidays),</subfield><subfield code="b">1946-Feb. 13, 1976</subfield></datafield><datafield ind1=" " ind2=" " tag="321"><subfield code="a">Daily (except Sat., Sun., and holidays.,</subfield><subfield code="b">Feb. 17, 1976-May 8, 1981</subfield></datafield><datafield ind1="0" ind2=" " tag="362"><subfield code="a">Vol. 332, no. 52 (Mar. 4, 1946)-v. 457, no. 444 (Apr. 2, 1981) ; v. 57, no. 445 (Apr. 3, 1981)-</subfield></datafield><datafield ind1=" " ind2=" " tag="500"><subfield code="a">Watertown added to edition statement June 19, 1989.</subfield></datafield><datafield ind1=" " ind2=" " tag="500"><subfield code="a">Combined Waltham Newton Watertown edition issued on holidays beginning July 3, 1989.</subfield></datafield><datafield ind1=" " ind2=" " tag="752"><subfield code="a">United States</subfield><subfield code="b">Massachusetts</subfield><subfield code="c">Middlesex</subfield><subfield code="d">Waltham.</subfield></datafield><datafield ind1=" " ind2=" " tag="752"><subfield code="a">United States</subfield><subfield code="b">Massachusetts</subfield><subfield code="c">Middlesex</subfield><subfield code="d">Newton.</subfield></datafield><datafield ind1=" " ind2=" " tag="752"><subfield code="a">United States</subfield><subfield code="b">Massachusetts</subfield><subfield code="c">Middlesex</subfield><subfield code="d">Watertown.</subfield></datafield><datafield ind1="0" ind2=" " tag="775"><subfield code="t">News-tribune (Waltham, Mass.)</subfield><subfield code="w">(DLC)sn 89063412</subfield></datafield></record>